@Article{Mortureux1993,
	author={Mortureux, Marie-Françoise}, 
	title={Paradigmes designationnels},
	journal={SEMEN},
	year={1993},
	pages={121-142},
	volume={4},
	note={Annales littéraires de l'Université de Besançon},
}

@Article{Mortureux1982,
	author={Mortureux, Marie-Françoise}, 
	title={Paraphrase et métalangage dans le dialogue de vulgarisation},
	journal={Langue française},
	year={1982},
	pages={48-61},
	volume={53},
}

@misc{ISON,
   author = {Wikipedia},
   title = {C/2012 S1 (ISON) --- {W}ikipedia{,} The Free Encyclopedia},
   year = {2017},
   month = {September},
   url = {\url{https://fr.wikipedia.org/wiki/C/2012_S1_(ISON)}},
   note = {[En ligne; dernier accès 26 décembre 2017]},
 }
 
@misc{SB,
	author = {Wikipedia},
 	title = {Serge {B}runier --- {W}ikipedia{,} The Free Encyclopedia},
 	year = {2017},
 	url = {\url{https://fr.wikipedia.org/wiki/Serge_Brunier}},
 	note = {[En ligne; dernier accès 26 décembre 2017]},
}

@Article{Peraya1994,
	author={Peraya, Daniel and Nyssen, Claire}, 
	title={Les paratextes dans les manuels d'économie et de biologie : une première approche},
	journal={Médiascope},
	year={1994},
	pages={8-12},
	volume={8},
	note={Centre de recherche et de documentation pédagogique de Versailles},
}

 


